@inproceedings{lee2019melu,
  title     = {Melu: Meta-learned user preference estimator for cold-start recommendation},
  author    = {Lee, Hoyeop and Im, Jinbae and Jang, Seongwon and Cho, Hyunsouk and Chung, Sehee},
  booktitle = {Proceedings of the 25th ACM SIGKDD International Conference on Knowledge Discovery \& Data Mining},
  pages     = {1073--1082},
  year      = {2019}
}
@article{li2006oneshot,
  title={One-shot learning of object categories},
  author={Li Fei-Fei and Rob Fergus and Pietro Perona},
  journal={IEEE Transactions on Pattern Analysis and Machine Intelligence},
  year={2006},
  volume={28},
  pages={594-611}
}
@inproceedings{Fink2004ObjectCF,
  title={Object Classification from a Single Example Utilizing Class Relevance Metrics},
  author={Michael Fink},
  booktitle={NIPS},
  year={2004}
}
@article{Yao2020AutomatedRM,
  title={Automated Relational Meta-learning},
  author={Huaxiu Yao and Xian Wu and Zhiqiang Tao and Yaliang Li and Bolin Ding and Ruirui Li and Zhenhui Jessie Li},
  journal={ArXiv},
  year={2020},
  volume={abs/2001.00745}
}

@inproceedings{Lee2018GradientBasedMW,
  title={Gradient-Based Meta-Learning with Learned Layerwise Metric and Subspace},
  author={Yoonho Lee and Seungjin Choi},
  booktitle={ICML},
  year={2018}
}
